@ARTICLE{GP.71.Ghosh,
  AUTHOR   = {Deva Prasad Ghosh},
  TITLE    = {The application of linear filter theory to the direct
    interpretation of geoelectrical resistivity sounding measurements},
  JOURNAL  = {Geophysical Prospecting},
  VOLUME   = {19},
  ISSUE   = {2},
  PUBLISHER= {Blackwell Publishing Ltd},
  NOTE     = {\href{https://doi.org/10.1111/j.1365-2478.1971.tb00593.x}{doi:
    10.1111/j.1365-2478.1971.tb00593.x}},
  PAGES    = {192--217},
  YEAR     = {1971},
}

@ARTICLE{SIAM.80.Fritsch,
  AUTHOR = {F[] Fritsch and R[] Carlson},
  TITLE = {Monotone Piecewise Cubic Interpolation},
  JOURNAL = {SIAM Journal on Numerical Analysis},
  VOLUME = {17},
  ISSUE = {2},
  PAGES = {238--246},
  YEAR = {1980},
  NOTE = {\href{https://doi.org/10.1137/0717021}{doi: 10.1137/0717021}}
}

@INCOLLECTION{B.SEG.88.Ward,
  AUTHOR    = {Stanley H[] Ward and Gerald W[] Hohmann},
  TITLE     = {Electromagnetic Theory for Geophysical Applications},
  CHAPTER   = {4},
  PAGES     = {130--311},
  crossref  = {B.SEG.88.Nabighian},
  NOTE = {\href{https://doi.org/10.1190/1.9781560802631.ch4}{doi: 10.1190/1.9781560802631.ch4}},
  }

@BOOK{B.SEG.88.Nabighian,
  EDITOR    = {Misac N[] Nabighian},
  TITLE     = {Electromagnetic Methods In Applied Geophysics Vol.\ 1},
  ISSUE    = {3},
  PUBLISHER = {SEG},
  SERIES    = {Investigations in Geophysics},
  YEAR      = {1988},
  NOTE      = {\href{https://doi.org/10.1190/1.9781560802631}{doi: 10.1190/1.9781560802631}}
  }

@ARTICLE{RAS.00.Hamilton,
  AUTHOR   = {A[] J[] S[] Hamilton},
  TITLE    = {Uncorrelated modes of the non-linear power spectrum},
  JOURNAL  = {Monthly Notices of the Royal Astronomical Society},
  ISSUE   = {2},
  VOLUME   = {312},
  PAGES    = {257--284},
  YEAR     = {2000},
  NOTE     = {\href{https://doi.org/10.1046/j.1365-8711.2000.03071.x}{doi:
    10.1046/j.1365-8711.2000.03071.x}}
}

@ARTICLE{GEO.03.Davydycheva,
  AUTHOR = {Sofia Davydycheva and Vladimir Druskin and Tarek Habashy},
  TITLE = {An efficient finite-difference scheme for electromagnetic logging in
    {3D} anisotropic inhomogeneous media},
  JOURNAL = {Geophysics},
  VOLUME = {68},
  ISSUE = {5},
  PAGES = {1525--1536},
  YEAR = {2003},
  NOTE = {\href{https://doi.org/10.1190/1.1620626}{doi: 10.1190/1.1620626}}
}

@ARTICLE{GP.06.Mulder,
  AUTHOR   = {Wim A[] Mulder},
  TITLE    = {A multigrid solver for {3D} electromagnetic diffusion},
  YEAR     = {2006},
  JOURNAL  = {Geophysical Prospecting},
  VOLUME   = {54},
  ISSUE   = {5},
  PAGES    = {633--649},
  NOTE     = {\href{https://doi.org/10.1111/j.1365-2478.2006.00558.x}{doi:
    10.1111/j.1365-2478.2006.00558.x}}
}

@ARTICLE{GEO.05.Pedersen,
  AUTHOR = {Laust B[] Pedersen and M[] Bastani and L[] Dynesius},
  TITLE = {Groundwater exploration using combined controlled-source and radiomagnetotelluric techniques},
  JOURNAL = {Geophysics},
  VOLUME = {70},
  ISSUE = {1},
  PAGES = {G8--G15},
  YEAR = {2005},
  NOTE = {\href{https://doi.org/10.1190/1.1852774}{doi: 10.1190/1.1852774}}
}

@ARTICLE{ECCFD.06.Jonsthovel,
  AUTHOR = {T[] B[]  Jönsthövel and C[] W[] Oosterlee and Wim A[] Mulder},
  TITLE = {Improving multigrid for {3-D} electro-magnetic diffusion on
    stretched grids},
  PUBLISHER = {ECCOMAS CFD},
  YEAR = {2006},
  JOURNAL = {European Conference on Computational Fluid Dynamics},
  VOLUME = {},
  NOTE =
  {\href{http://resolver.tudelft.nl/uuid:df65da5c-e43f-47ab-b80d-2f8ee7f35464}
   {UUID: df65da5c-e43f-47ab-b80d-2f8ee7f35464}}
}

@ARTICLE{GEO.07.Plessix,
  AUTHOR = {R[]-E[] Plessix and M[] Darnet and Wim A[] Mulder},
  TITLE = {An approach for {3D} multisource, multifrequency {CSEM} modeling},
  JOURNAL = {Geophysics},
  VOLUME = {72},
  ISSUE = {5},
  PAGES = {SM177--SM184},
  YEAR = {2007},
  NOTE = {\href{https://doi.org/10.1190/1.2744234}{doi: 10.1190/1.2744234}}
}

@ARTICLE{EAGE.07.Mulder,
  AUTHOR = {W[] A[] Mulder},
  TITLE = {A Robust Solver for {CSEM} Modelling on Stretched Grids},
  PUBLISHER = {EAGE},
  YEAR = {2007},
  JOURNAL = {EAGE Technical Program Expanded Abstracts},
  PAGES = {D036},
  NOTE = {\href{https://doi.org/10.3997/2214-4609.201401567}{doi:
    10.3997/2214-4609.201401567}}
}

@ARTICLE{IP.08.Plessix,
  AUTHOR = {R-{\'{E}} Plessix and W[] A[] Mulder},
  TITLE = {Resistivity imaging with controlled-source electromagnetic data: depth and data weighting},
  JOURNAL = {Inverse Problems},
  YEAR = {2008},
  PUBLISHER = {{IOP} Publishing},
  VOLUME = {24},
  ISSUE = {3},
  PAGES = {034012},
  NOTE = {\href{https://doi.org/10.1088/0266-5611/24/3/034012}{doi: 10.1088/0266-5611/24/3/034012}}
}

@ARTICLE{GEO.08.Mulder,
  AUTHOR   = {Wim A[] Mulder and M[] Wirianto and E[] Slob},
  TITLE    = {Time-domain modeling of electromagnetic diffusion with a
      frequency-domain code},
  JOURNAL  = {Geophysics},
  VOLUME   = {73},
  ISSUE   = {1},
  PAGES    = {F1--F8},
  YEAR     = {2008},
  NOTE     = {\href{https://doi.org/10.1190/1.2799093}{doi: 10.1190/1.2799093}}
}

@ARTICLE{GEO.09.Key,
  AUTHOR   = {Kerry Key},
  TITLE    = {{1D} inversion of multicomponent, multifrequency marine {CSEM}
data: {M}ethodology and synthetic studies for resolving thin resistive layers},
  JOURNAL  = {Geophysics},
  VOLUME   = {74},
  ISSUE   = {2},
  YEAR     = {2009},
  PAGES    = {F9--F20},
  NOTE     = {\href{https://doi.org/10.1190/1.3058434}{doi: 10.1190/1.3058434}},
  }

@ARTICLE{GEO.10.Constable,
  AUTHOR = {Steven Constable},
  TITLE = {Ten years of marine {CSEM} for hydrocarbon exploration},
  YEAR = {2010},
  JOURNAL = {Geophysics},
  VOLUME = {75},
  ISSUE = {5},
  PAGES = {75A67--75A81},
  NOTE = {\href{https://doi.org/10.1190/1.3483451}{doi: 10.1190/1.3483451}}
}

@ARTICLE{PIER.10.Slob,
  AUTHOR   = {Evert Slob and Jürg Hunziker and W[] A[] Mulder},
  TITLE    = {Green's tensors for the diffusive electric field in a {VTI} half-space},
  JOURNAL  = {PIER},
  VOLUME   = {107},
  PAGES    = {1--20},
  YEAR     = {2010},
  NOTE     = {\href{https://doi.org/10.2528/PIER10052807}{doi: 10.2528/PIER10052807}}
}

@INBOOK{B.Springer.20.Mulder,
  AUTHOR = {Wim A[] Mulder},
  EDITOR = {Harsh K[] Gupta},
  TITLE = {Numerical Methods, Multigrid},
  BOOKTITLE = {Encyclopedia of Solid Earth Geophysics},
  YEAR = {2020},
  PUBLISHER = {Springer International Publishing},
  ADDRESS = {Cham},
  PAGES = {1--6},
  ISBN = {978-3-030-10475-7_153-1},
  NOTE = {\href{https://doi.org/10.1007/978-3-030-10475-7_153-1}{doi:
    978-3-030-10475-7_153-1}}
}

@ARTICLE{GEO.12.Key,
  AUTHOR   = {Kerry Key},
  TITLE    = {Is the fast {H}ankel transform faster than quadrature?},
  JOURNAL  = {Geophysics},
  VOLUME   = {77},
  ISSUE   = {3},
  YEAR     = {2012},
  PAGES    = {F21--F30},
  NOTE     = {\href{https://doi.org/10.1190/GEO2011-0237.1}{doi: 10.1190/GEO2011-0237.1}},
}

@ARTICLE{INT.14.Werthmuller,
  AUTHOR = {Dieter Werthmüller and Anton Ziolkowski and David Wright},
  TITLE = {Predicting controlled-source electromagnetic responses from seismic velocities},
  JOURNAL = {Interpretation},
  VOLUME = {2},
  ISSUE = {3},
  PAGES = {SH115--SH131},
  YEAR = {2014},
  NOTE = {\href{https://doi.org/10.1190/INT-2013-0153.1}{doi: 10.1190/INT-2013-0153.1}}
}

@ARTICLE{GEO.15.Hunziker,
  AUTHOR = {Jürg Hunziker and Jan Thorbecke and Evert Slob},
  TITLE = {The electromagnetic response in a layered vertical transverse isotropic medium: {A} new look at an old problem},
  YEAR = {2015},
  JOURNAL = {Geophysics},
  VOLUME = {80},
  ISSUE = {1},
  PAGES = {F1--F18},
  NOTE = {\href{https://doi.org/10.1190/geo2013-0411.1}{doi: 10.1190/geo2013-0411.1}}
  }

@ARTICLE{CAG.15.Cockett,
  AUTHOR = {Rowan Cockett and Seogi Kang and Lindsey J[] Heagy and Adam
    Pidlisecky and Douglas W[] Oldenburg},
  TITLE = {{SimPEG}: {A}n open source framework for simulation and gradient
    based parameter estimation in geophysical applications},
  JOURNAL = {Computers \& Geosciences},
  VOLUME = {85},
  PAGES = {142--154},
  YEAR = {2015},
  NOTE = {\href{https://doi.org/10.1016/j.cageo.2015.09.015}{doi:
    10.1016/j.cageo.2015.09.015}}
}

@ARTICLE{WGC.15.Girard,
  AUTHOR = {Jean-François Girard and Nicolas Coppo and Pierre Wawrzyniak and
    Bernard Bourgeois and Jean-Michel Baltassat and Alain Gadalia},
  TITLE = {Resistivity Imaging for Geothermal Exploration, using
    Controlled-Source EM where Magneto-Telluric is not Applicable: Model and
      Field Study.},
  PUBLISHER = {World Geothermal Congress},
  YEAR = {2015},
  JOURNAL = {Proceedings World Geothermal Congress},
  PAGES = {1--8},
} https://www.geothermal-energy.org/pdf/IGAstandard/WGC/2015/13099.pdf

@INPROCEEDINGS{Numba,
  AUTHOR    = {Siu Kwan Lam and Antoine Pitrou and Stanley Seibert},
  TITLE     = {{Numba: A LLVM-based Python JIT Compiler}},
  BOOKTITLE = {Proceedings of the Second Workshop on the LLVM Compiler
    Infrastructure in HPC},
  SERIES = {LLVM '15},
  YEAR = {2015},
  ISBN = {978-1-4503-4005-2},
  PAGES = {7:1--7:6},
  PUBLISHER = {ACM},
  NOTE = {\href{https://doi.org/10.1145/2833157.2833162}
    {doi: 10.1145/2833157.2833162}}
}

@ARTICLE{GEO.17.Werthmuller,
  AUTHOR = {Dieter Werthmüller},
  TITLE = {An open-source full {3D} electromagnetic modeler for {1D} {VTI}
    media in {P}ython: empymod},
  YEAR = {2017},
  JOURNAL = {Geophysics},
  VOLUME = {82},
  ISSUE = {6},
  PAGES = {WB9--WB19},
  NOTE = {\href{https://doi.org/10.1190/geo2016-0626.1}{doi:
    10.1190/geo2016-0626.1}}
  }

@ARTICLE{GEO.19.Werthmuller,
  AUTHOR   = {Dieter Werthmüller and Kerry Key and Evert Slob},
  TITLE    = {A tool for designing digital filters for the {H}ankel and
    {F}ourier transforms in potential, diffusive, and wavefield modeling},
  YEAR     = {2019},
  JOURNAL  = {Geophysics},
  VOLUME   = {84},
  ISSUE   = {2},
  PAGES    = {F47--F56},
  NOTE     = {\href{https://doi.org/10.1190/geo2018-0069.1}{doi:
    10.1190/geo2018-0069.1}}
 }

@ARTICLE{JOSS.19.Werthmuller,
  AUTHOR   = {Dieter Werthmüller and Wim A[] Mulder and Evert C[] Slob},
  TITLE    = {{e}mg3d: {A} multigrid solver for {3D} electromagnetic diffusion},
  YEAR     = {2019},
  JOURNAL  = {Journal of Open Source Software},
  VOLUME   = {4},
  ISSUE   = {39},
  PAGES    = {1463},
  NOTE     = {\href{https://doi.org/10.21105/joss.01463}{doi:
    10.21105/joss.01463}}
 }

@BOOK{B.CUP.19.Ziolkowski,
  AUTHOR   = {A[] Ziolkowski and E[] Slob},
  TITLE    = {Introduction to Controlled-Source Electromagnetic Methods},
  PUBLISHER= {Cambridge University Press},
  YEAR     = {2019},
  ISBN     = {9781107058620},
  NOTE     = {\href{https://www.cambridge.org/9781107058620}{isbn:
    9781107058620}}
}

@ARTICLE{GRL.19.Gehrmann,
  AUTHOR = {R[] A[] S[] Gehrmann and L[] J[] North and S[] Graber and F[] Szitkar and S[] Petersen and T[] A[] Minshull and B[] J[] Murton},
  TITLE = {Marine Mineral Exploration With Controlled Source Electromagnetics
    at the TAG Hydrothermal Field, 26°N Mid-Atlantic Ridge},
  YEAR = {2019},
  JOURNAL = {Geophysical Research Letters},
  VOLUME = {46},
  ISSUE = {11},
  PAGES = {5808--5816},
  NOTE = {\href{https://doi.org/10.1029/2019GL082928}{doi: 10.1029/2019GL082928}}
}
